% Encoding: UTF-8

@Electronic{pronouns,
  author       = {Abigail Saguy and Juliet Williams},
  year         = {2020},
  note         = {[Access 2020-05-20]},
  title        = {Why We Should All Use They/Them Pronouns},
  url          = {https://blogs.scientificamerican.com/voices/why-we-should-all-use-they-them-pronouns/},
}

@Electronic{apaLoneliness,
  author       = {Martina Luchetti},
  year         = {2020},
  note         = {[Access 2020-12-30]},
  title    
  = {The trajectory of loneliness in response to COVID-19},
  url          = {https://doi.apa.org/fulltext/2020-42807-001.html},
}

@Electronic{apaDefinitions,
  author       = {{APA}},
  year         = {2021},
  note         = {[Access 2021-04-06]},
  title        = {Definitions Related to Sexual Orientation},
  url          = {https://www.apa.org/pi/lgbt/resources/sexuality-definitions.pdf},
}

@Electronic{uwubernetes,
  author       = {Amit Dsouza and Kristin Martin},
  year         = {2024},
  note         = {[Access 2024-04-18]},
  title        = {Kubernetes v1.30},
  url          = {https://kubernetes.io/blog/2024/04/17/kubernetes-v1-30-release/},
}

@Electronic{bardKubernetes,
  author       = {{Gemini}},
  year         = {2024},
  note         = {[Access 2024-04-18]},
  title        = {What is Kubernetes},
  url          = {https://gemini.google.com},
}

@Electronic{originalArticle,
  author       = {{Alexis Ducastel}},
  year         = {2024},
  note         = {[Access 2024-07-30]},
  title        = {Benchmark results of Kubernetes network plugins},
  url          = {https://itnext.io/benchmark-results-of-kubernetes-network-plugins-cni-over-40gbit-s-network-2024-156f085a5e4e},
}

@Electronic{flannel,
  author       = {{Christian Frank}},
  year         = {2020},
  note         = {[Access 2024-07-30]},
  title        = {Behind the scenes of Flannel},
  url          = {https://medium.com/@chfrank_cgn/behind-the-scenes-of-flannel-307aef347f20},
}

@Electronic{networkPlugin,
  author       = {{CNCF}},
  year         = {2024},
  note         = {[Access 2024-07-31]},
  title        = {Network Plugins},
  url          = {https://kubernetes.io/docs/concepts/extend-kubernetes/compute-storage-net/network-plugins/},
}

@Electronic{networkOptions,
  author       = {{SUSE}},
  year         = {2024},
  note         = {[Access 2024-07-31]},
  title        = {Network Options},
  url          = {https://docs.rke2.io/networking/basic_network_options},
}

@book{exploratoryDA,
  author       = {John W Tukey},
  year         = {1977},
  title        = {Exploratory Data Analysis},
  publisher    = {Addison-Wesley Pub. Co.},
  address      = {Reading, Mass.},
  doi          = {10.1002/bimj.4710230408},
}

@Comment{jabref-meta: databaseType:bibtex;}
